@Unpublished{shulman:bfp,
  author = 	 {Michael Shulman},
  title = 	 {Brouwer's fixed-point theorem in real-cohesive homotopy type theory},
  note = 	 {To appear in MSCS.  arXiv:1509.07584},
  year = 	 2017}

@PhdThesis{brunerie:thesis,
  author = 	 {Guillaume Brunerie},
  title = 	 {On the homotopy groups of spheres in homotopy type theory},
  note = 	 {arXiv:1606.05916},
  school = 	 {Universit\'e de Nice},
  year = 	 2016}

@unpublished{br:rp-hott,
Author = {Ulrik Buchholtz and Egbert Rijke},
Title = {The real projective spaces in homotopy type theory},
Year = {2017},
note = {To appear in LICS'17.  arXiv:1704.05770},
}
