@PhdThesis{brunerie:thesis,
  author = 	 {Guillaume Brunerie},
  title = 	 {On the homotopy groups of spheres in homotopy type theory},
  note = 	 {arXiv:1606.05916},
  school = 	 {Universit\'e de Nice},
  year = 	 2016}

@unpublished{br:rp-hott,
Author = {Ulrik Buchholtz and Egbert Rijke},
Title = {The real projective spaces in homotopy type theory},
Year = {2017},
note = {To appear in LICS'17.  arXiv:1704.05770},
}

@article{shul:bfp,
  title={Brouwer's fixed-point theorem in real-cohesive homotopy type theory},
  author={Shulman, Michael},
  journal={Mathematical Structures in Computer Science},
  volume={28},
  number={6},
  pages={856--941},
  year={2018},
  publisher={Cambridge University Press}
}

@article{fl:em,
title = {Eilenberg-MacLane Spaces in Homotopy Type Theory},
author = {Daniel R. Licata and Eric Finster},
journal = {ACM/IEEE Symposium on Logic in Computer Science (LICS)},
year = {2014}
}
